<record><leader>00000cas a22000007a 4500</leader><controlfield tag="001">16640688</controlfield><controlfield tag="008">870903d18831907iauwr ne      0    0eng d</controlfield><datafield ind1=" " ind2=" " tag="010"><subfield code="a">sn 87058478 </subfield></datafield><datafield ind1=" " ind2=" " tag="040"><subfield code="a">INP</subfield><subfield code="b">eng</subfield><subfield code="c">INP</subfield><subfield code="d">OCLCQ</subfield></datafield><datafield ind1=" " ind2=" " tag="042"><subfield code="a">msc</subfield></datafield><datafield ind1="0" ind2=" " tag="130"><subfield code="a">Ruthven free press (Ruthven, Iowa : 1883)</subfield></datafield><datafield ind1="1" ind2="0" tag="245"><subfield code="a">Ruthven free press.</subfield></datafield><datafield ind1=" " ind2=" " tag="260"><subfield code="a">Ruthven, Iowa :</subfield><subfield code="b">F.H. Teed</subfield></datafield><datafield ind1=" " ind2=" " tag="300"><subfield code="a">v.</subfield></datafield><datafield ind1=" " ind2=" " tag="310"><subfield code="a">Weekly</subfield></datafield><datafield ind1="1" ind2=" " tag="362"><subfield code="a">Began in 1883; ceased in 1907?</subfield></datafield><datafield ind1=" " ind2=" " tag="588"><subfield code="a">Description based on: Vol. 18, no. 29 (Sept. 13, 1900).</subfield></datafield><datafield ind1=" " ind2=" " tag="752"><subfield code="a">United States</subfield><subfield code="b">Iowa</subfield><subfield code="c">Palo Alto</subfield><subfield code="d">Ruthven.</subfield></datafield><datafield ind1="0" ind2="7" tag="785"><subfield code="t">Ruthven appeal</subfield><subfield code="w">(DLC)sn 87058548</subfield></datafield><datafield ind1="0" ind2="7" tag="785"><subfield code="t">Free press and appeal</subfield></datafield></record>